<?xml version="1.0" encoding="UTF-8"?><record xmlns="http://www.loc.gov/MARC21/slim" xmlns:cinclude="http://apache.org/cocoon/include/1.0" xmlns:zs="http://www.loc.gov/zing/srw/">
  <leader>00456cz  a2200133n  4500</leader>
  <controlfield tag="001">n  83043062 </controlfield>
  <controlfield tag="003">DLC</controlfield>
  <controlfield tag="005">20081221205142.0</controlfield>
  <controlfield tag="008">830418n| acannaabn          |n aaa      </controlfield>
  <datafield tag="010" ind1=" " ind2=" ">
    <subfield code="a">n  83043062 </subfield>
  </datafield>
  <datafield tag="035" ind1=" " ind2=" ">
    <subfield code="a">(OCoLC)oca00931177</subfield>
  </datafield>
  <datafield tag="040" ind1=" " ind2=" ">
    <subfield code="a">DLC</subfield>
    <subfield code="b">eng</subfield>
    <subfield code="c">DLC</subfield>
    <subfield code="d">OCoLC</subfield>
  </datafield>
  <datafield tag="100" ind1="1" ind2=" ">
    <subfield code="a">Pidgeon, Rhoda</subfield>
  </datafield>
  <datafield tag="670" ind1=" " ind2=" ">
    <subfield code="a">Lamar, G. A song for Lily, c1982 (a.e.)</subfield>
    <subfield code="b">t.p. (Rhoda Pidgeon) p. 28 (Rhoda Settle Pidgeon; works as medical illustrator, Auburn Univ. Sch. of Veterinary Med.)</subfield>
  </datafield>
</record>